<record><leader>00000cas a2200000 a 4500</leader><controlfield tag="001">41988251</controlfield><controlfield tag="008">990730d19uu199ucauwr ne      0    0eng c</controlfield><datafield ind1=" " ind2=" " tag="010"><subfield code="a">sn 99060644 </subfield></datafield><datafield ind1=" " ind2=" " tag="040"><subfield code="a">CNK</subfield><subfield code="b">eng</subfield><subfield code="c">CNK</subfield><subfield code="d">CNK</subfield><subfield code="d">OCLCQ</subfield><subfield code="d">OCLCF</subfield><subfield code="d">OCLCO</subfield></datafield><datafield ind1=" " ind2=" " tag="042"><subfield code="a">pcc</subfield></datafield><datafield ind1=" " ind2=" " tag="043"><subfield code="a">n-us-ca</subfield></datafield><datafield ind1="0" ind2="4" tag="245"><subfield code="a">The North County journal, Templeton advance &amp; San Miguel banner.</subfield></datafield><datafield ind1="3" ind2=" " tag="246"><subfield code="a">North County journal, Templeton advance and San Miguel banner</subfield></datafield><datafield ind1="1" ind2="3" tag="246"><subfield code="a">Weekly North County journal</subfield></datafield><datafield ind1=" " ind2=" " tag="260"><subfield code="a">Paso Robles, Ca. :</subfield><subfield code="b">Paso Robles Newspapers</subfield></datafield><datafield ind1=" " ind2=" " tag="300"><subfield code="a">v.</subfield></datafield><datafield ind1=" " ind2=" " tag="310"><subfield code="a">Weekly</subfield></datafield><datafield ind1=" " ind2=" " tag="500"><subfield code="a">"Serving the communities of Northern San Luis Obispo County, including Paso Robles, Atascadero, San Miguel, Templeton, Bradley, Shandon and Creston."</subfield></datafield><datafield ind1=" " ind2=" " tag="530"><subfield code="a">Master negatives are available for duplication from:</subfield><subfield code="b">California Newspaper Microfilm Archive;</subfield><subfield code="c">positive copies may be purchased by the reel; for further information consult the CNMA at:</subfield><subfield code="u">http://cbsr.ucr.edu</subfield></datafield><datafield ind1=" " ind2=" " tag="580"><subfield code="a">On Wednesday, issued with: Daily press, &lt;Oct. 3, 1979-Dec. 25, 1991&gt;</subfield></datafield><datafield ind1=" " ind2=" " tag="588"><subfield code="a">Description based on: Vol. 30, no. 37 (Oct. 3, 1979).</subfield></datafield><datafield ind1=" " ind2="0" tag="651"><subfield code="a">Paso Robles (Calif.)</subfield><subfield code="v">Newspapers.</subfield></datafield><datafield ind1=" " ind2="0" tag="651"><subfield code="a">Atascadero (Calif.)</subfield><subfield code="v">Newspapers.</subfield></datafield><datafield ind1=" " ind2="0" tag="651"><subfield code="a">San Miguel (Calif.)</subfield><subfield code="v">Newspapers.</subfield></datafield><datafield ind1=" " ind2="0" tag="651"><subfield code="a">Templeton (Calif.)</subfield><subfield code="v">Newspapers.</subfield></datafield><datafield ind1=" " ind2="7" tag="655"><subfield code="a">Newspapers.</subfield><subfield code="2">fast</subfield><subfield code="0">(OCoLC)fst01423814</subfield></datafield><datafield ind1=" " ind2="7" tag="651"><subfield code="a">California</subfield><subfield code="z">Atascadero.</subfield><subfield code="2">fast</subfield><subfield code="0">(OCoLC)fst01217491</subfield></datafield><datafield ind1=" " ind2="7" tag="651"><subfield code="a">California</subfield><subfield code="z">Paso Robles.</subfield><subfield code="2">fast</subfield><subfield code="0">(OCoLC)fst01229203</subfield></datafield><datafield ind1=" " ind2="7" tag="651"><subfield code="a">California</subfield><subfield code="z">San Miguel.</subfield><subfield code="2">fast</subfield><subfield code="0">(OCoLC)fst01225342</subfield></datafield><datafield ind1=" " ind2="7" tag="651"><subfield code="a">California</subfield><subfield code="z">Templeton.</subfield><subfield code="2">fast</subfield><subfield code="0">(OCoLC)fst01231493</subfield></datafield><datafield ind1="0" ind2=" " tag="730"><subfield code="a">Daily press (Paso Robles, Calif.)</subfield></datafield><datafield ind1=" " ind2=" " tag="752"><subfield code="a">United States</subfield><subfield code="b">California</subfield><subfield code="c">San Luis Obispo</subfield><subfield code="d">Paso Robles.</subfield></datafield><datafield ind1="1" ind2=" " tag="777"><subfield code="t">Daily press (Paso Robles, Calif.)</subfield><subfield code="w">(DLC)sn 99060583</subfield></datafield></record>